@article{borella2000source,
  title={Source models of network game traffic},
  author={Borella, Michael S},
  journal={computer communications},
  volume={23},
  number={4},
  pages={403--410},
  year={2000},
  publisher={Elsevier}
}
@inproceedings{farber2002network,
  title={Network game traffic modelling},
  author={F{\"a}rber, Johannes},
  booktitle={Proceedings of the 1st workshop on Network and system support for games},
  pages={53--57},
  year={2002},
  organization={ACM}
}
