% Gaffer On Games Sources
@online{fiedler2016packets,
  title={Reading and Writing Packets},
  author={Glenn Fiedler},
  url={https://gafferongames.com/post/reading_and_writing_packets/},
  year={2016}
}

% Battle Non-Sense Game Netcode analysis
@online{bns2019apex,
  title={Apex Legends Netcode Needs A Lot Of Work},
  author={Battle(non)sense},
  url={https://www.youtube.com/watch?v=9PfFPW9a90w&t=2s},
  year={2019}
}
@online{bns2017netcode,
  title={Netcode 101 - What You Need To Know},
  author={Battle(non)sense},
  url={https://www.youtube.com/watch?v=hiHP0N-jMx8&feature=youtu.be},
  year={2019}
}

@article{borella2000source,
  title={Source models of network game traffic},
  author={Borella, Michael S},
  journal={computer communications},
  volume={23},
  number={4},
  pages={403--410},
  year={2000},
  publisher={Elsevier}
}
@inproceedings{farber2002network,
  title={Network game traffic modelling},
  author={F{\"a}rber, Johannes},
  booktitle={Proceedings of the 1st workshop on Network and system support for games},
  pages={53--57},
  year={2002},
  organization={ACM}
}
